@misc{cstandard,
  author = {L.W. Cannon, m.fl},
  title = {{Recommended C Style and Coding Standards}},
  howpublished = "\url{https://www.doc.ic.ac.uk/lab/cplus/cstyle.html}",
  note = "[Online; åtkommen 20-september-2016]"
}
@misc{terminator,
  title = {{Terminator}},
  howpublished = "\url{https://docs.isy.liu.se/pub/VanHeden/DataSheets/terminator_prel.pdf}",
  note = "[Online; åtkommen 20-september-2016]"
}
@misc{pep8,
  title = {{PEP-8-standarden}},
  author = {Guido Rossum, Barry Warsaw, Nick Coghlan},
  howpublished = "\url{https://www.python.org/dev/peps/pep-0008/}",
  note = "[Online; åtkommen 20-september-2016]"
}