@book{Sprakradet2008,
author = {Spr{\aa}kr{\aa}det},
edition = {3},
isbn = {9789147084609},
publisher = {Liber},
title = {{Svenska skrivregler}},
url = {https://skrivregler.liber.se/index.html},
year = {2008}
}
@book{Ritter2003,
author = {Ritter, R.M.},
isbn = {978-0198605645},
publisher = {Oxford University Press},
title = {{The Oxford Style Manual}},
year = {2003}
}
