@misc{cstandard,
  author = {L.W. Cannon, m.fl},
  title = {{Recommended C Style and Coding Standards}},
  howpublished = "\url{https://www.doc.ic.ac.uk/lab/cplus/cstyle.html}",
  note = "[Online; Ã¥tkommen 20-september-2016]"
}
